@book{book:java-concurrency,
    author  = {Brian Goetz},
    title   = {Java Concurrency in Practice},
    publisher = {Addison-Wesley Professional},
    year    = {2006}
}

@online{site:agile-manifesto,
    title   = {Manifesto Agile},
    url     = {http://agilemanifesto.org/iso/it/}
}

@online{site:cfg,
    title   = {Context Free Grammar},
    url     = {https://it.wikipedia.org/wiki/Grammatica_libera_dal_contesto}
}

@online{site:peg,
    title   = {Parsing Expression Grammar},
    url     = {https://it.wikipedia.org/wiki/Parsing_expression_grammar}
}

@online{site:parboild,
    title   = {Parboild},
    url     = {https://github.com/sirthias/parboiled/wiki/}
}

@online{site:agile-manifesto,
    title   = {Exchanger},
    url     = {https://docs.oracle.com/javase/8/docs/api/java/util/concurrent/Exchanger.html}
}